<record xmlns="http://www.loc.gov/MARC21/slim" xmlns:xsi="http://www.w3.org/2001/XMLSchema-instance" xsi:schemaLocation="http://www.loc.gov/MARC21/slim http://www.loc.gov/standards/marcxml/schema/MARC21slim.xsd"><leader>     nam a22        4500</leader><controlfield tag="001">3071158</controlfield><controlfield tag="003">NNC</controlfield><controlfield tag="006">m        d        </controlfield><controlfield tag="007">cr cn |||m|||a</controlfield><controlfield tag="008">150316s1954    ua      ob   i000 0daraod</controlfield><datafield ind1=" " ind2=" " tag="040"><subfield code="a">NNU</subfield><subfield code="b">eng</subfield><subfield code="e">rda</subfield><subfield code="c">NNU</subfield></datafield><datafield ind1=" " ind2="4" tag="050"><subfield code="a">PJ7838.B653Z8</subfield><subfield code="b">T34, 1954</subfield></datafield><datafield ind1="1" ind2=" " tag="100"><subfield code="6">880-01</subfield><subfield code="a">T&#803;a&#772;hir, Ah&#803;mad.</subfield></datafield><datafield ind1="1" ind2="0" tag="245"><subfield code="6">880-02</subfield><subfield code="a">Muh&#803;a&#772;d&#803;ara&#772;t &#699;an H&#803;a&#772;fiz&#803; Ibra&#772;hi&#772;m :</subfield><subfield code="b">h&#803;aya&#772;tuhu wa-shi&#699;ruh /</subfield><subfield code="c">alqa&#772;ha&#772; Ah&#803;mad al-T&#803;a&#772;hir.</subfield></datafield><datafield ind1="3" ind2=" " tag="246"><subfield code="6">880-03</subfield><subfield code="a">H&#803;a&#772;fiz&#803; Ibra&#772;hi&#772;m</subfield></datafield><datafield ind1=" " ind2=" " tag="260"><subfield code="6">880-04</subfield><subfield code="a">[Egypt] :</subfield><subfield code="b">Ja&#772;mi&#699;at al-Duwal al-&#699;Arabi&#772;yah, Ma&#699;had al-Dira&#772;sa&#772;t al-&#699;Arabi&#772;yah al-&#699;A&#772;li&#772;yah,</subfield><subfield code="c">1954.</subfield></datafield><datafield ind1=" " ind2=" " tag="300"><subfield code="a">online resource (65 pages)</subfield></datafield><datafield ind1=" " ind2=" " tag="336"><subfield code="a">text</subfield><subfield code="2">rdacontent</subfield></datafield><datafield ind1=" " ind2=" " tag="337"><subfield code="a">computer</subfield><subfield code="2">rdamedia</subfield></datafield><datafield ind1=" " ind2=" " tag="338"><subfield code="a">online resource</subfield><subfield code="2">rdacarrier</subfield></datafield><datafield ind1=" " ind2=" " tag="500"><subfield code="a">Part of the Arabic Collections Online (ACO) project, contributed by Columbia University Libraries.</subfield></datafield><datafield ind1=" " ind2=" " tag="504"><subfield code="a">Includes bibliographical references.</subfield></datafield><datafield ind1=" " ind2=" " tag="533"><subfield code="a">Electronic reproduction.</subfield><subfield code="b">New York, N.Y. :</subfield><subfield code="c">New York University,</subfield><subfield code="d">2015.</subfield><subfield code="5">NNU</subfield></datafield><datafield ind1="1" ind2="0" tag="600"><subfield code="6">880-05</subfield><subfield code="a">H&#803;a&#772;fiz&#803; Ibra&#772;hi&#772;m, Muh&#803;ammad,</subfield><subfield code="d">1872?-1932.</subfield></datafield><datafield ind1="1" ind2="7" tag="600"><subfield code="a">H&#803;a&#772;fiz&#803; Ibra&#772;hi&#772;m, Muh&#803;ammad,</subfield><subfield code="d">1872?-1932</subfield><subfield code="2">fast</subfield><subfield code="0">(OCoLC)fst00117475</subfield></datafield><datafield ind1="2" ind2=" " tag="710"><subfield code="a">Columbia University.</subfield><subfield code="b">Libraries.</subfield></datafield><datafield ind1="0" ind2=" " tag="730"><subfield code="a">Arabic Collections Online.</subfield></datafield><datafield ind1="0" ind2="8" tag="776"><subfield code="i">Print version:</subfield><subfield code="a">T&#803;a&#772;hir, Ah&#803;mad.</subfield><subfield code="t">Muh&#803;a&#772;d&#803;ara&#772;t &#699;an H&#803;a&#772;fiz&#803; Ibra&#772;hi&#772;m</subfield><subfield code="w">(NNC)3071158</subfield><subfield code="w">(OCoLC)29906181</subfield></datafield><datafield ind1="4" ind2="0" tag="856"><subfield code="u">http://hdl.handle.net/2333.1/x0k6dmwk</subfield></datafield><datafield ind1="1" ind2=" " tag="880"><subfield code="6">100-01/r</subfield><subfield code="a">&#1591;&#1575;&#1607;&#1585;&#1548; &#1575;&#1581;&#1605;&#1583;.</subfield></datafield><datafield ind1="1" ind2="0" tag="880"><subfield code="6">245-02/r</subfield><subfield code="a">&#1605;&#1581;&#1575;&#1590;&#1585;&#1575;&#1578; &#1593;&#1606; &#1581;&#1575;&#1601;&#1592; &#1575;&#1576;&#1585;&#1575;&#1607;&#1610;&#1605; :</subfield><subfield code="b">&#1581;&#1610;&#1575;&#1578;&#1607; &#1608;&#1588;&#1593;&#1585;&#1607; /</subfield><subfield code="c">&#1575;&#1604;&#1602;&#1575;&#1607;&#1575; &#1575;&#1581;&#1605;&#1583; &#1575;&#1604;&#1591;&#1575;&#1607;&#1585;.</subfield></datafield><datafield ind1="3" ind2=" " tag="880"><subfield code="6">246-03/r</subfield><subfield code="a">&#1581;&#1575;&#1601;&#1592; &#1575;&#1576;&#1585;&#1575;&#1607;&#1610;&#1605;</subfield></datafield><datafield ind1=" " ind2=" " tag="880"><subfield code="6">260-04/r</subfield><subfield code="a">[&#1605;&#1589;&#1585;] :</subfield><subfield code="b">&#1580;&#1575;&#1605;&#1593;&#1577; &#1575;&#1604;&#1583;&#1608;&#1604; &#1575;&#1604;&#1593;&#1585;&#1576;&#1610;&#1577;&#1548; &#1605;&#1593;&#1607;&#1583; &#1575;&#1604;&#1583;&#1585;&#1575;&#1587;&#1575;&#1578; &#1575;&#1604;&#1593;&#1585;&#1576;&#1610;&#1577; &#1575;&#1604;&#1593;&#1575;&#1604;&#1610;&#1577;&#1548;</subfield><subfield code="c">1954.</subfield></datafield><datafield ind1="1" ind2="4" tag="880"><subfield code="6">600-05/r</subfield><subfield code="a">&#1581;&#1575;&#1601;&#1592; &#1575;&#1576;&#1585;&#1575;&#1607;&#1610;&#1605;&#1548; &#1605;&#1581;&#1605;&#1583;&#1548;</subfield><subfield code="d">1872?-1932.</subfield></datafield><datafield ind1=" " ind2=" " tag="959"><subfield code="a">NNU</subfield><subfield code="b">WEB</subfield><subfield code="c">GENI</subfield><subfield code="t">0</subfield><subfield code="m">Electronic access</subfield><subfield code="s">01</subfield></datafield><datafield ind1=" " ind2=" " tag="999"><subfield code="i">NNC_3071158</subfield><subfield code="o">(OCoLC)ocm29906181</subfield><subfield code="e">(ERROR-880)</subfield><subfield code="s">columbia_aco000318</subfield></datafield></record>